
@inproceedings{kadric_fpga_2012,
	title = {{AN} {FPGA} {IMPLEMENTATION} {FOR} {A} {HIGH}-{SPEED} {OPTICAL} {LINK} {WITH} {A} {PCIE} {INTERFACE}},
	url = {https://ieeexplore-ieee-org.offcampus.lib.washington.edu/stamp/stamp.jsp?tp=&arnumber=6398376},
	urldate = {2025-05-31},
	author = {Kadric, Edin and Manjikian, Naraig and Zilic, Zeljko},
	month = sep,
	year = {2012},
	file = {IEEE Xplore Full-Text PDF\::/Users/enriqueantunano/Zotero/storage/WYVPJHAM/stamp.html:text/html},
}
