
@inproceedings{zinovchik_highly_2024,
	title = {Highly {Efficient} {HDR} {Signal} {Processing} for {ASICs} {Using} the {Flexfloat} {Data} {Type}},
	url = {https://ieeexplore-ieee-org.offcampus.lib.washington.edu/stamp/stamp.jsp?tp=&arnumber=10510033},
	urldate = {2025-05-31},
	author = {Zinovchik, Yu and Chesnokov, N and Zaripov, A},
	year = {2024},
	file = {IEEE Xplore Full-Text PDF\::/Users/enriqueantunano/Zotero/storage/VSJJB63H/stamp.html:text/html},
}
