
@inproceedings{thomas_left-shifter_2022,
	title = {Left-shifter: {A} pre-silicon framework for usage model based performance verification of the {PCIe} interface in server processor system on chips},
	url = {https://ieeexplore-ieee-org.offcampus.lib.washington.edu/stamp/stamp.jsp?tp=&arnumber=9804653},
	urldate = {2025-05-31},
	author = {Thomas, Tessil and Venkatasubramanian, Bharath and Sthapit, Dinesh},
	year = {2022},
	file = {IEEE Xplore Full-Text PDF\::/Users/enriqueantunano/Zotero/storage/Z9VJC8VY/stamp.html:text/html},
}
