
@inproceedings{libin_research_2023,
	title = {Research on {Automotive} {TSN} network {Scheduling} {Analysis} and {Simulation}},
	url = {https://ieeexplore-ieee-org.offcampus.lib.washington.edu/stamp/stamp.jsp?tp=&arnumber=10090662},
	urldate = {2025-03-10},
	booktitle = {Big {Data} and {Algorithms} ({EEBDA})},
	publisher = {IEEE},
	author = {Libin, Zhu and Hongchen, Zhao and Wenchen, Xu},
	month = feb,
	year = {2023},
	pages = {1--4},
	file = {IEEE Xplore Full-Text PDF\::/Users/enriqueantunano/Zotero/storage/V63HSJP5/stamp.html:text/html},
}
