
@inproceedings{guerra_fpgas_2024,
	title = {{FPGAs} for {Network} {Function} {Virtualization}: {Challenges} in {Placement} and {Partitioning}},
	url = {https://ieeexplore-ieee-org.offcampus.lib.washington.edu/stamp/stamp.jsp?tp=&arnumber=10704007},
	urldate = {2025-03-11},
	author = {Guerra, Victor and Nazar, Gabriel},
	year = {2024},
	pages = {1--5},
	file = {IEEE Xplore Full-Text PDF\::/Users/enriqueantunano/Zotero/storage/AGJTJWH3/stamp.html:text/html},
}
