@misc{adminGettingStartedImage2023,
  title = {Getting {{Started}} with {{Image Processing Using OpenCV}} on {{Raspberry Pi}}},
  author = {Admin},
  year = {2023},
  month = oct,
  journal = {DIY Projects Lab},
  urldate = {2025-02-13},
  abstract = {This guide provides an intro to using the OpenCV computer vision library on the Raspberry Pi Image Processing OpenCV},
  howpublished = {https://diyprojectslab.com/raspberry-pi-image-processing-opencv/},
  langid = {american},
  file = {/home/enriqueantunano/Zotero/storage/DXZC922P/raspberry-pi-image-processing-opencv.html}
}

@misc{BasicsFileHandling12:36:04+00:00,
  title = {Basics of {{File Handling}} in {{C}}},
  year = {12:36:04+00:00},
  journal = {GeeksforGeeks},
  urldate = {2025-02-12},
  abstract = {File handling in C involves creating, opening, reading, writing, and closing files using various functions, enabling data storage and manipulation beyond program execution.},
  chapter = {C Language},
  howpublished = {https://www.geeksforgeeks.org/basics-file-handling-c/},
  langid = {american},
  file = {/home/enriqueantunano/Zotero/storage/DH9YMM62/basics-file-handling-c.html}
}

@misc{BenchmarkingRaspberryPi,
  title = {Benchmarking {{Raspberry Pi GPIO Speed}}},
  urldate = {2025-02-13},
  howpublished = {https://codeandlife.com/2012/07/03/benchmarking-raspberry-pi-gpio-speed/},
  langid = {english}
}

@misc{BenchmarkingRaspberryPia,
  title = {Benchmarking {{Raspberry Pi GPIO Speed}}},
  urldate = {2025-02-13},
  howpublished = {https://codeandlife.com/2012/07/03/benchmarking-raspberry-pi-gpio-speed/},
  langid = {english},
  file = {/home/enriqueantunano/Zotero/storage/ASGVVQUI/benchmarking-raspberry-pi-gpio-speed.html}
}

@misc{brownHowCheckRaspberry2023,
  title = {How to Check {{Raspberry Pi RAM}} Size and Usage},
  author = {Brown, Korbin},
  year = {2023},
  month = jul,
  journal = {LinuxConfig},
  urldate = {2025-02-11},
  abstract = {A Raspberry Pi computer has a fixed amount of RAM built into the PC board. Since Raspberry Pi's are micro sized, single board computers, the amount of memory is not upgradeable or expandable. Instead{\dots}},
  howpublished = {https://linuxconfig.org/how-to-check-raspberry-pi-ram-size-and-usage},
  langid = {american},
  file = {/home/enriqueantunano/Zotero/storage/ZWD75C5G/how-to-check-raspberry-pi-ram-size-and-usage.html}
}

@misc{DepartmentComputerScience,
  title = {Department of {{Computer Science}} and {{Technology}} -- {{Raspberry Pi}}: {{Edge Detection}}},
  urldate = {2025-02-12},
  howpublished = {https://www.cl.cam.ac.uk/projects/raspberrypi/tutorials/image-processing/edge\_detection.html},
  file = {/home/enriqueantunano/Zotero/storage/UGLS8LTL/edge_detection.html}
}

@misc{GeminiChatSupercharge,
  title = {â€Ž{{Gemini}} - Chat to Supercharge Your Ideas},
  shorttitle = {{{RAM Write Stress Testing}}},
  journal = {Gemini},
  urldate = {2025-02-12},
  abstract = {Bard is now Gemini. Get help with writing, planning, learning, and more from Google AI.},
  howpublished = {https://gemini.google.com},
  langid = {english},
  file = {/home/enriqueantunano/Zotero/storage/PVKXEPZN/006724a4209691fc.html}
}

@misc{HowSetList2019,
  title = {How to {{Set}} and {{List Environment Variables}} in {{Linux}}},
  year = {2019},
  month = apr,
  urldate = {2025-02-12},
  abstract = {In Linux and Unix based systems environment variables are a set of dynamic named values, stored within the system that are used by applications launched in shells or subshells.},
  chapter = {post},
  howpublished = {https://linuxize.com/post/how-to-set-and-list-environment-variables-in-linux/},
  langid = {american},
  file = {/home/enriqueantunano/Zotero/storage/U9WQ5R42/how-to-set-and-list-environment-variables-in-linux.html}
}

@misc{LaTeXTablesTutorial,
  title = {{{LaTeX}} Tables - {{Tutorial}} with Code Examples},
  journal = {LaTeX-Tutorial.com},
  urldate = {2025-02-09},
  abstract = {Learn to create tables in LaTeX including all features such as multi row, multi column, multi page and landscape tables. All in one place. Your first table / table template},
  langid = {american},
  file = {/home/enriqueantunano/Zotero/storage/UJWMS8VH/tables.html}
}

@misc{mckayHowUseScp2022,
  title = {How to {{Use}} the Scp {{Command}} on {{Linux}}},
  author = {McKay, Dave},
  year = {2022},
  month = jun,
  journal = {How-To Geek},
  urldate = {2025-02-12},
  abstract = {Fast and simple, just like it should be.},
  chapter = {Linux},
  howpublished = {https://www.howtogeek.com/804179/scp-command-linux/},
  langid = {english},
  file = {/home/enriqueantunano/Zotero/storage/L8E3TJH2/scp-command-linux.html}
}

@misc{negiRaspberryPi42021,
  title = {Raspberry {{Pi}} 4 {{GPIO Pinout}} \& {{Specifications}} ({{Updated}})},
  author = {Negi, Ankit},
  year = {2021},
  month = jan,
  urldate = {2025-02-11},
  abstract = {Raspberry Pi 4 GPIO Pinout has 40 pins: 26 GPIO pins, two 5V pins, two 3V3 pins, and 7 ground pins (0V). Board supports SPI, I2C, UART protocols.},
  chapter = {Raspberry Pi},
  howpublished = {https://www.etechnophiles.com/raspberry-pi-4-gpio-pinout-specifications-and-schematic/},
  langid = {american},
  file = {/home/enriqueantunano/Zotero/storage/X3SL79U2/raspberry-pi-4-gpio-pinout-specifications-and-schematic.html}
}

@misc{PassingValuePassing2019,
  title = {Passing by Value, Passing by Reference in {{C}}},
  year = {2019},
  month = dec,
  journal = {DEV Community},
  urldate = {2025-02-12},
  abstract = {Passing data to functions and working with it in the C programming language},
  howpublished = {https://dev.to/mikkel250/passing-by-value-passing-by-reference-in-c-1acg},
  langid = {english},
  file = {/home/enriqueantunano/Zotero/storage/X2WUL7NC/passing-by-value-passing-by-reference-in-c-1acg.html}
}

@misc{PCMRaspberryPi,
  title = {{{PCM}} at {{Raspberry Pi GPIO Pinout}}},
  urldate = {2025-02-11},
  howpublished = {https://pinout.xyz/pinout/pcm},
  file = {/home/enriqueantunano/Zotero/storage/KL9LI283/pcm.html}
}

@misc{ProcessorsRaspberryPi,
  title = {Processors - {{Raspberry Pi Documentation}}},
  urldate = {2025-02-09},
  abstract = {The official documentation for Raspberry Pi computers and microcontrollers},
  howpublished = {https://www.raspberrypi.com/documentation/computers/processors.html},
  langid = {english},
  file = {/home/enriqueantunano/Zotero/storage/8HBEAZZE/processors.html}
}

@misc{PWMHardwareSoftware,
  title = {{{PWM}} : Hardware or Software? - {{Raspberry Pi Forums}}},
  urldate = {2025-02-13},
  howpublished = {https://forums.raspberrypi.com/viewtopic.php?t=255526},
  file = {/home/enriqueantunano/Zotero/storage/TDERV73Q/viewtopic.html}
}

@misc{RaspberryPi2,
  title = {Raspberry {{Pi}} 2 vs. 1 {{GPIO Benchmark}}},
  urldate = {2025-02-13},
  howpublished = {https://codeandlife.com/2015/03/25/raspberry-pi-2-vs-1-gpio-benchmark/},
  langid = {english},
  file = {/home/enriqueantunano/Zotero/storage/KZ49BT3H/raspberry-pi-2-vs-1-gpio-benchmark.html}
}

@misc{RaspberryPi4,
  title = {Raspberry {{Pi}} 4 {{Model B}} with {{BCM2835 CPU}} - {{Raspberry Pi Forums}}},
  urldate = {2025-02-11},
  howpublished = {https://forums.raspberrypi.com/viewtopic.php?t=245384},
  file = {/home/enriqueantunano/Zotero/storage/NQ38AV54/viewtopic.html}
}

@misc{RaspberryPi42019,
  title = {Raspberry {{Pi}} 4 Specs and Benchmarks},
  year = {2019},
  month = jun,
  journal = {The MagPi magazine},
  urldate = {2025-02-13},
  abstract = {Raspberry Pi 4 has a full-chip redesign, the first in the history of Raspberry Pi, and it's~unlocked new levels of performance. Our specs \& benchmarks show just how much faster Raspberry Pi 4 is},
  howpublished = {https://magpi.raspberrypi.com/articles/raspberry-pi-4-specs-benchmarks},
  langid = {english},
  file = {/home/enriqueantunano/Zotero/storage/S928LQQB/raspberry-pi-4-specs-benchmarks.html}
}

@misc{RaspberryPiGPIO,
  title = {Raspberry {{Pi GPIO Interfaces}} and {{Libraries}}},
  journal = {Google Docs},
  urldate = {2025-02-11},
  howpublished = {https://docs.google.com/spreadsheets/d/1sFCJuPZ9k5GN0A6j7gHRckvbwIdnwzPH1sTCuPNFNRQ/edit?usp=sharing\&usp=embed\_facebook},
  langid = {english},
  file = {/home/enriqueantunano/Zotero/storage/6R7Q27YJ/edit.html}
}

@misc{RaspberryPiHardware,
  title = {Raspberry {{Pi}} Hardware - {{Raspberry Pi Documentation}}},
  urldate = {2025-02-09},
  abstract = {The official documentation for Raspberry Pi computers and microcontrollers},
  howpublished = {https://www.raspberrypi.com/documentation/computers/raspberry-pi.html},
  langid = {english},
  file = {/home/enriqueantunano/Zotero/storage/9SKQ5KKJ/raspberry-pi.html}
}

@misc{umatechnologyHowReadYour2024,
  title = {How to {{Read Your Raspberry Pi}}'s {{LEDs}} and {{Troubleshoot Boot Issues}}},
  author = {UMATechnology},
  year = {2024},
  month = dec,
  journal = {UMA Technology},
  urldate = {2025-02-12},
  abstract = {Decoding Raspberry Pi LEDs for effective boot issue troubleshooting.},
  langid = {american},
  file = {/home/enriqueantunano/Zotero/storage/WZ4436HE/how-to-read-your-raspberry-pis-leds-and-troubleshoot-boot-issues.html}
}

@misc{WiringPiWiringPiArguably,
  title = {{{WiringPi}}/{{WiringPi}}: {{The}} Arguably Fastest {{GPIO Library}} for the {{Raspberry Pi}}},
  urldate = {2025-02-11},
  howpublished = {https://github.com/WiringPi/WiringPi/tree/master},
  file = {/home/enriqueantunano/Zotero/storage/HWV43V3A/master.html}
}
