@misc{aerospacepalRTCADO160Conducted2014,
  title = {{{RTCA}}/{{DO-160 Conducted Emissions Overview}}},
  author = {{Aerospace Pal}},
  year = {2014},
  month = sep,
  urldate = {2025-05-25}
}

@misc{DO160,
  title = {{{DO-160}}},
  journal = {RTCA},
  urldate = {2025-05-25},
  abstract = {Environmental Conditions and Test Procedures for Airborne Equipment The original DO-160 standard was published in 1975 to provide standard test{\dots}},
  langid = {american},
  file = {/home/enriqueantunano/Zotero/storage/DIR4LV4K/do-160.html}
}

@misc{hewlettpackardCommonModeNoiseSources1997,
  title = {Common-{{Mode Noise}}: {{Sources}} and {{Solutions}}},
  shorttitle = {Application {{Note}} 1043},
  author = {{Hewlett Packard}},
  year = {1997},
  publisher = {Hewlett Packard},
  urldate = {2025-05-25}
}

@misc{lambertHowBuildLinear2020,
  title = {How to {{Build}} a {{Linear Power Supply}}},
  author = {Lambert, Graham},
  year = {2020},
  month = sep,
  journal = {Circuit Basics},
  urldate = {2025-05-26},
  abstract = {Understand how linear power supplies work and how to build one with this step-by-step guide.},
  langid = {american},
  file = {/home/enriqueantunano/Zotero/storage/RST5C2D3/linear-power-supplies.html}
}

@misc{LTspiceSimpleSteps,
  title = {{{LTspice}}: {{Simple Steps}} for {{Simulating Transformers}} {\textbar} {{Analog Devices}}},
  urldate = {2025-05-26},
  howpublished = {https://www.analog.com/en/resources/technical-articles/ltspice-basic-steps-for-simulating-transformers.html},
  file = {/home/enriqueantunano/Zotero/storage/TNQ59GAY/ltspice-basic-steps-for-simulating-transformers.html}
}
