@misc{AppendixHowWrite,
  title = {Appendix {{C}}: {{How}} to {{Write}} a {{Good Requirement}} - {{NASA}}},
  shorttitle = {Appendix {{C}}},
  urldate = {2025-02-04},
  abstract = {Functionality},
  langid = {american},
  file = {/home/enriqueantunano/Zotero/storage/9S7M8JWS/appendix-c-how-to-write-a-good-requirement.html}
}

@misc{AppendixRequirementsVerification,
  title = {Appendix {{D}}: {{Requirements Verification Matrix}} - {{NASA}}},
  shorttitle = {Appendix {{D}}},
  urldate = {2025-02-04},
  abstract = {Note: See Appendix I for an outline of the Verification and Validation Plan. The matrix shown here (Table D-1) is Appendix C in that outline.},
  langid = {american},
  file = {/home/enriqueantunano/Zotero/storage/FMS8D2WL/appendix-d-requirements-verification-matrix.html}
}

@article{deweckFundamentalsSystemsEngineering,
  title = {Fundamentals of {{Systems Engineering}}},
  author = {{de Weck}, Olivier L},
  langid = {english},
  file = {/home/enriqueantunano/Zotero/storage/PDHYEDEI/de Weck - Fundamentals of Systems Engineering.pdf}
}

@misc{RainGlossaryMeteorology,
  title = {Rain - {{Glossary}} of {{Meteorology}}},
  urldate = {2025-02-04},
  howpublished = {https://glossary.ametsoc.org/wiki/Rain},
  file = {/home/enriqueantunano/Zotero/storage/2IWYTCGZ/Rain.html}
}
